@MISC{wikipedia1,
    author          = "Wikipedia",
    title           = "{k-nearest neighbors algorithm}",
    howpublished    = "\url{https://en.wikipedia.org/wiki/K-nearest_neighbor_algorithm}"
}

@MISC{wikipedia2,
    author          = "Wikipedia",
    title           = "{Curse of dimensionality}",
    howpublished    = "\url{https://en.wikipedia.org/wiki/Curse_of_Dimensionality}"
}

@MISC{mit1,
    author          = "Shen, Yuan (MIT OpenCourseWare)",
    title           = "6.034 Tutorial 3: K-nearest neighbors, decision trees, neural nets",
    howpublished    = "\url{http://ocw.mit.edu/courses/electrical-engineering-and-computer-science/6-034-artificial-intelligence-fall-2010/tutorials/MIT6_034F10_tutor03.pdf}"
}

% Conferences: Mobisys, Mobicom, Sensys, IPSN, Percom, Ubicomp

% "Paper Lightweight Map Matching for Indoor Localisation Using Conditional Random Fields", IEEE/ACM IPSN 2014.

% "Nericell: Rich Monitoring of Road and Traffic Conditions using Mobile Smartphones", ACM SenSys 2008
% http://ocw.mit.edu/courses/electrical-engineering-and-computer-science/6-034-artificial-intelligence-fall-2010/tutorials/MIT6_034F10_tutor03.pdf
% http://saravananthirumuruganathan.wordpress.com/2010/05/17/a-detailed-introduction-to-k-nearest-neighbor-knn-algorithm/
% https://en.wikipedia.org/wiki/K-nearest_neighbor_algorithm
% https://stats.stackexchange.com/questions/62092/bottom-to-top-explanation-of-the-mahalanobis-distance
% https://www.chrobotics.com/library/understanding-euler-angles

% "A Tutorial on Particle Filters for Online Nonlinear/Non-Gaussian Bayesian Tracking", IEEE Trans. Signal Processing, 2002

% Table with accuracy of some classification methods on page 15:
% http://www.mdpi.com/1424-8220/10/2/1154/pdf
@Article{s100201154,
    author = {Mannini, Andrea and Sabatini, Angelo Maria},
    title = {Machine Learning Methods for Classifying Human Physical Activity from On-Body Accelerometers},
    journal = {Sensors},
    volume = {10},
    year = {2010},
    number = {2},
    pages = {1154--1175},
    url = {http://www.mdpi.com/1424-8220/10/2/1154},
    pubmedid = {22205862},
    issn = {1424-8220},
    doi = {10.3390/s100201154}
}

% http://dip.sun.ac.za/~herbst/MachineLearning/ExtraNotes/ParticleFilters.pdf
% http://web.mit.edu/16.412j/www/html/Advanced%20lectures/Slides/Hsaio_plinval_miller_ParticleFiltersPrint.pdf

% http://www.aaai.org/Papers/IAAI/2005/IAAI05-013
@inproceedings{ravi2005activity,
    title={Activity recognition from accelerometer data},
    author={Ravi, Nishkam and Dandekar, Nikhil and Mysore, Preetham and Littman, Michael L},
    booktitle={AAAI},
    volume={5},
    pages={1541--1546},
    year={2005}
}
