@ARTICLE{example1,
    title           = "{Title of Article}",
    author          = "First, {A.} and Second, {B.}",
    journal         = "{Example Journal, IEEE}",
    volume          = 1,
    number          = 2,
    pages           = {3--4},
    publisher       = "{IEEE}",
    year            = 2014
}

@MISC{example2,
    author          = "First, {A.} and Second, {B.}",
    title 	        = "{Title of Misc}",
    howpublished    = "\url{http://www.example.com}"
}

@BOOK{example3,
    author          = "First, {A.} and Second, {B.}",
    title           = "{Title of Book}",
    publisher       = "{Publisher of book}",
    year            = 2014
}

@INPROCEEDINGS{example4,
    author          = "First, {A.} and Second, {B.}",
    title           = "{Title of Proceedings}",
    booktitle       = "{Proceedings of examples, City, Country 2014}",
    pages           = {1337--1338},
    year            = 2014
}
